<record xmlns='http://www.loc.gov/MARC21/slim'><leader>01275cim a22003372u 4500</leader><controlfield tag='001'>3600848</controlfield><controlfield tag='005'>20151214182722.0</controlfield><controlfield tag='007'>ss|lmnjluz|nuu</controlfield><controlfield tag='008'>991101s1985    nyunnn         l    eng d</controlfield><datafield ind1=' ' ind2=' ' tag='035'><subfield code='a'>(NIC)notisASF7913</subfield></datafield><datafield ind1=' ' ind2=' ' tag='035'><subfield code='a'>3600848</subfield></datafield><datafield ind1=' ' ind2=' ' tag='035'><subfield code='a'>(OCoLC)63896711</subfield></datafield><datafield ind1=' ' ind2=' ' tag='040'><subfield code='a'>NIC</subfield><subfield code='c'>NIC</subfield><subfield code='d'>NIC</subfield><subfield code='d'>NIC</subfield></datafield><datafield ind1='1' ind2=' ' tag='100'><subfield code='a'>Pendleton, Clarence M.,</subfield><subfield code='c'>Jr.</subfield></datafield><datafield ind1='1' ind2='0' tag='245'><subfield code='a'>Civil rights: where do we go from here?</subfield><subfield code='h'>[sound recording]</subfield></datafield><datafield ind1=' ' ind2=' ' tag='260'><subfield code='c'>1985.</subfield></datafield><datafield ind1=' ' ind2=' ' tag='300'><subfield code='a'>1 sound cassette (75 min.) :</subfield><subfield code='b'>analog, mono.</subfield></datafield><datafield ind1=' ' ind2=' ' tag='500'><subfield code='a'>Recorded in Ithaca, NY by Cornell University.</subfield></datafield><datafield ind1=' ' ind2=' ' tag='500'><subfield code='a'>Speaker(s): Chairman of the U.S. Civil Rights Commission.</subfield></datafield><datafield ind1=' ' ind2=' ' tag='518'><subfield code='a'>Lecture, July 24, 1985.</subfield></datafield><datafield ind1=' ' ind2=' ' tag='520'><subfield code='a'>Pendleton describes the problem of discrimination in the United States and suggests some solutions to it.</subfield></datafield><datafield ind1=' ' ind2='0' tag='650'><subfield code='a'>Civil rights</subfield><subfield code='z'>United States.</subfield></datafield><datafield ind1=' ' ind2='0' tag='650'><subfield code='a'>Race discrimination</subfield><subfield code='x'>Law and legislation.</subfield></datafield><datafield ind1=' ' ind2='0' tag='650'><subfield code='a'>Discrimination.</subfield></datafield><datafield ind1=' ' ind2='7' tag='650'><subfield code='a'>Civil rights</subfield><subfield code='2'>fast</subfield><subfield code='0'>(OCoLC)fst00862627</subfield></datafield><datafield ind1=' ' ind2='7' tag='650'><subfield code='a'>Discrimination</subfield><subfield code='2'>fast</subfield><subfield code='0'>(OCoLC)fst00894985</subfield></datafield><datafield ind1=' ' ind2='7' tag='650'><subfield code='a'>Race discrimination</subfield><subfield code='x'>Law and legislation</subfield><subfield code='2'>fast</subfield><subfield code='0'>(OCoLC)fst01086474</subfield></datafield><datafield ind1=' ' ind2='7' tag='651'><subfield code='a'>United States</subfield><subfield code='2'>fast</subfield><subfield code='0'>(OCoLC)fst01204155</subfield></datafield><datafield ind1='1' ind2=' ' tag='899'><subfield code='a'>CULectures</subfield></datafield><datafield ind1=' ' ind2=' ' tag='905'><subfield code='a'>20000302120000.0</subfield></datafield><datafield ind1='2' ind2=' ' tag='948'><subfield code='a'>20141221</subfield><subfield code='b'>m</subfield><subfield code='d'>batch</subfield><subfield code='e'>lts</subfield><subfield code='x'>addfast</subfield></datafield></record>